@misc{aggm_agid,
	title="{Austrian Gas Infrastructure Day (AGID)}",
	author="{Austrian Gas Grid Management AG (AGGM)}",
	year="2023",
	howpublished = "online available under: \url{https://www.aggm.at/en/network-information/network-developments-plans/ltp}"
}

@misc{econtrol_gas_charges,
	title="{Gas - Informationen und Daten für die Gasbranche: Vergleich der Netzentgelte (GSNE-VO 2023 Entgeltentwicklung Musterkunde 90 GWh, Netzebene 2)}",
	author="{E-Control}",
	year="2023",
	howpublished = "access online on 16 June 2023 at: \url{https://www.e-control.at/marktteilnehmer/gas/netzentgelte/vergleiche-der-netzentgelte}"
}

@misc{biogas_einspeisung,
	title="{Biogas-Netzeinspeisung: Netzebenen und Systemmutzungstarif}",
	author="{Güssing Energy Technologies GmbH DI Dr. Richard Zweiler}",
	year="2023",
	howpublished = "access online on 16 June 2023 at: \url{https://www.biogas-netzeinspeisung.at/technische-planung/biogasnutzung-netzeinspeisung/netzebenen.html}"
}

@article{thomas2003review,
	title="Review of ways to transport natural gas energy from countries which do not need the gas for domestic use",
	author="Thomas, Sydney and Dawe, Richard A",
	journal="Energy",
	volume="28",
	number="14",
	pages="1461--1477",
	year="2003",
	publisher="Elsevier",
	doi="https://doi.org/10.1016/S0360-5442(03)00124-5"
}

@misc{gas_connect_austria,
	title="{About us - Our history (Homepage)}",
	author="{Gas Connect Austria GmbH (GCA)}",
	year="2023",
	howpublished = "access online on 16 June 2023 at: \url{https://www.gasconnect.at/en/about-us/about-us/our-history}"
}

@misc{eurostat_natural_gas,
	title="{Natural gas supply statistics}",
	author="{Eurostat - Statistics Explained}",
	year="2023",
	howpublished = "access online on 16 June 2023 at: \url{https://ec.europa.eu/eurostat/statistics-explained/index.php?title=Natural_gas_supply_statistics#Consumption_trends}"
}

@misc{econtrol_grid,
	title="{Erdgasleitungen und Erdgasspeicher in Österreich}",
	author="{E-Control}",
	year="2023",
	howpublished = "online available under: \url{https://www.e-control.at/documents/1785851/1811042/GasNetzKarte_2022-e-control_V2.pdf/42ba7e8e-3e7c-2565-b4a2-2272af269397?t=1668006903640}"
}

@misc{repowereu,
	title="{Communication from the commission to the European parliament, the European council, the council, the European economic and social committee and the commiittee of the regions: REPowerEU Plan}",
	author="{European Commission}",
	year="2022",
	howpublished = "online available under: \url{https://eur-lex.europa.eu/legal-content/EN/TXT/?uri=COM%3A2022%3A230%3AFIN&qid=1653033742483}"
}

@article{scarlat2018biogas,
	title="Biogas: Developments and perspectives in Europe",
	author="Scarlat, Nicolae and Dallemand, Jean-Fran{\c{c}}ois and Fahl, Fernando",
	journal="Renewable Energy",
	volume="129",
	pages="457--472",
	year="2018",
	publisher="Elsevier",
	doi="https://doi.org/10.1016/j.renene.2018.03.006"
}

@article{sesini2021strategic,
	title="Strategic natural gas storage coordination among EU member states in response to disruption in the trans Austria gas pipeline: A stochastic approach to solidarity",
	author="Sesini, Marzia and Giarola, Sara and Hawkes, Adam D",
	journal="Energy",
	volume="235",
	pages="121426",
	year="2021",
	publisher="Elsevier",
	doi="https://doi.org/10.1016/j.energy.2021.121426"
}

@article{keogh2022biogenic,
	title="Biogenic renewable gas injection into natural gas grids: A review of technical and economic modelling studies",
	author="Keogh, Niamh and Corr, D and Monaghan, RFD",
	journal="Renewable and Sustainable Energy Reviews",
	volume="168",
	pages="112818",
	year="2022",
	publisher="Elsevier",
	doi="https://doi.org/10.1016/j.rser.2022.112818"
}

@article{mertins2023competition,
	title="Competition in the conversion of the gas grid: Is the future of biogas biomethane or hydrogen?",
	author="Mertins, Anica and Heiker, Mathias and Rosenberger, Sandra and Wawer, Tim",
	journal="International Journal of Hydrogen Energy",
	year="2023",
	publisher="Elsevier",
	doi="https://doi.org/10.1016/j.ijhydene.2023.04.270"
}

@article{abeysekera2016steady,
	title="Steady state analysis of gas networks with distributed injection of alternative gas",
	author="Abeysekera, Muditha and Wu, Jianzhong and Jenkins, Nick and Rees, M",
	journal="Applied Energy",
	volume="164",
	pages="991--1002",
	year="2016",
	publisher="Elsevier",
	doi="http://dx.doi.org/10.1016/j.apenergy.2015.05.099"
}

@article{bertasini2023decarbonization,
	title="Decarbonization of the European natural gas grid using hydrogen and methane biologically produced from organic waste: A critical overview",
	author="Bertasini, Davide and Battista, Federico and Rizzioli, Fabio and Frison, Nicola and Bolzonella, David",
	journal="Renewable Energy",
	year="2023",
	publisher="Elsevier",
	doi="https://doi.org/10.1016/j.renene.2023.02.029"
}

@article{sturmer2020greening,
	title="Greening the gas grid—evaluation of the biomethane injection potential from agricultural residues in Austria",
	author="St{\"u}rmer, Bernhard",
	journal="Processes",
	volume="8",
	number="5",
	pages="630",
	year="2020",
	publisher="MDPI",
	doi="https://doi.org/10.3390/pr8050630"
}

@article{lochner2011identification,
	title="Identification of congestion and valuation of transport infrastructures in the European natural gas market",
	author="Lochner, Stefan",
	journal="Energy",
	volume="36",
	number="5",
	pages="2483--2492",
	year="2011",
	publisher="Elsevier",
	doi="https://doi.org/10.1016/j.energy.2011.01.040"
}

@article{pedersen2022long,
	title="Long-term implications of reduced gas imports on the decarbonization of the European energy system",
	author="Pedersen, Tim T{\o}rnes and G{\o}tske, Ebbe Kyhl and Dvorak, Adam and Andresen, Gorm Bruun and Victoria, Marta",
	journal="Joule",
	volume="6",
	number="7",
	pages="1566--1580",
	year="2022",
	publisher="Elsevier",
	doi="https://doi.org/10.1016/j.joule.2022.06.023"
}

@article{riepin2022adaptive,
	title="Adaptive robust optimization for European strategic gas infrastructure planning",
	author="Riepin, Iegor and Schmidt, Matthew and Baringo, Luis and M{\"u}sgens, Felix",
	journal="Applied Energy",
	volume="324",
	pages="119686",
	year="2022",
	publisher="Elsevier",
	doi="https://doi.org/10.1016/j.apenergy.2022.119686"
}

@article{perdana2022european,
	title="European Economic impacts of cutting energy imports from Russia: A computable general equilibrium analysis",
	author="Perdana, Sigit and Vielle, Marc and Schenckery, Maxime",
	journal="Energy Strategy Reviews",
	volume="44",
	pages="101006",
	year="2022",
	publisher="Elsevier",
	doi="https://doi.org/10.1016/j.esr.2022.101006"
}

@article{magnier2019minimal,
	title="A minimal simplified model for assessing and devising global LNG equilibrium trade portfolios while maximizing energy security",
	author="Magnier, Hamza J and Jrad, Asmaa",
	journal="Energy",
	volume="173",
	pages="1221--1233",
	year="2019",
	publisher="Elsevier",
	doi="https://doi.org/10.1016/j.energy.2019.02.134"
}

@article{reuss2019modeling,
	title="Modeling hydrogen networks for future energy systems: A comparison of linear and nonlinear approaches",
	author="Reu{\ss}, Markus and Welder, Lara and Th{\"u}rauf, Johannes and Lin{\ss}en, Jochen and Grube, Thomas and Schewe, Lars and Schmidt, Martin and Stolten, Detlef and Robinius, Martin",
	journal="International Journal of Hydrogen Energy",
	volume="44",
	number="60",
	pages="32136--32150",
	year="2019",
	publisher="Elsevier",
	doi="https://doi.org/10.1016/j.ijhydene.2019.10.080"
}

@article{cerniauskas2020options,
	title="Options of natural gas pipeline reassignment for hydrogen: Cost assessment for a Germany case study",
	author="Cerniauskas, Simonas and Junco, Antonio Jose Chavez and Grube, Thomas and Robinius, Martin and Stolten, Detlef",
	journal="International Journal of Hydrogen Energy",
	volume="45",
	number="21",
	pages="12095--12107",
	year="2020",
	publisher="Elsevier",
	doi="https://doi.org/10.1016/j.ijhydene.2020.02.121"
}

@article{bouacida2022impacts,
	title="Impacts of greenhouse gas neutrality strategies on gas infrastructure and costs: implications from case studies based on French and German GHG-neutral scenarios",
	author="Bouacida, Ines and Wachsmuth, Jakob and Eichhammer, Wolfgang",
	journal="Energy Strategy Reviews",
	volume="44",
	pages="100908",
	year="2022",
	publisher="Elsevier",
	doi="https://doi.org/10.1016/j.esr.2022.100908"
}

@article{gorre2019production,
	title="Production costs for synthetic methane in 2030 and 2050 of an optimized Power-to-Gas plant with intermediate hydrogen storage",
	author="Gorre, Jachin and Ortloff, Felix and van Leeuwen, Charlotte",
	journal="Applied Energy",
	volume="253",
	pages="113594",
	year="2019",
	publisher="Elsevier",
	doi="https://doi.org/10.1016/j.apenergy.2019.113594"
}

@article{giehl2023assessment,
	title="Assessment of using hydrogen in gas distribution grids",
	author="Giehl, Johannes and Hollnagel, Jeremias and M{\"u}ller-Kirchenbauer, Joachim",
	journal="International Journal of Hydrogen Energy",
	volume="48",
	number="42",
	pages="16037--16047",
	year="2023",
	publisher="Elsevier",
	doi="https://doi.org/10.1016/j.ijhydene.2023.01.060"
}

@article{kolb2021scenarios,
	title="Scenarios for the integration of renewable gases into the German natural gas market--A simulation-based optimisation approach",
	author="Kolb, Sebastian and Plankenb{\"u}hler, Thomas and Frank, Jonas and Dettelbacher, Johannes and Ludwig, Ralf and Karl, J{\"u}rgen and Dillig, Marius",
	journal="Renewable and Sustainable Energy Reviews",
	volume="139",
	pages="110696",
	year="2021",
	publisher="Elsevier",
	doi="https://doi.org/10.1016/j.rser.2020.110696"
}

@article{egging2010world,
	title="The World Gas Model: A multi-period mixed complementarity model for the global natural gas market",
	author="Egging, Ruud and Holz, Franziska and Gabriel, Steven A",
	journal="Energy",
	volume="35",
	number="10",
	pages="4016--4029",
	year="2010",
	publisher="Elsevier",
	doi="https://doi.org/10.1016/j.energy.2010.03.053"
}

@misc{regulation_renewable_gases,
	title="{Regulation of the European parliament and of the council on the internal markets for renewable and natural gases and hydrogen}",
	author="{European Commission}",
	year="2021",
	howpublished = "online available under: \url{https://eur-lex.europa.eu/legal-content/EN/TXT/HTML/?uri=CELEX:52021PC0804}"
}

@misc{briefing_renewable_gases,
	title="{Defining low-carbon gas and renewable gas in the European Union}",
	author="{Zhou, Yuanrong and Baldino, Chelsea}",
	year="2022",
	howpublished = "online available under: \url{https://theicct.org/wp-content/uploads/2022/10/defining-low-carbon-and-renewable-gas-oct22.pdf}"
}

@misc{hydrogen_backbone,
	title="{European Hydrogen Backbone: A European Hydrogen Infrastructure Vision Covering 28 Countries}",
	author="{van Rossum, Rik and Jens, Jaro and La Guardia, Gemma and Wang, Anthony and Kühnen, Luis and Overgaag, Martijn}",
	year="2022",
	howpublished = "online available under: \url{https://ehb.eu/files/downloads/ehb-report-220428-17h00-interactive-1.pdf}"
}

@article{al2022emerging,
	title="The emerging hydrogen economy and its impact on LNG",
	author="Al-Kuwari, Omran and Sch{\"o}nfisch, Max",
	journal="International Journal of Hydrogen Energy",
	volume="47",
	number="4",
	pages="2080--2092",
	year="2022",
	publisher="Elsevier",
	doi="https://doi.org/10.1016/j.ijhydene.2021.10.206"
}

@article{brauers2021liquefied,
	title="Liquefied natural gas expansion plans in Germany: The risk of gas lock-in under energy transitions",
	author="Brauers, Hanna and Braunger, Isabell and Jewell, Jessica",
	journal="Energy Research \& Social Science",
	volume="76",
	pages="102059",
	year="2021",
	publisher="Elsevier",
	doi="https://doi.org/10.1016/j.erss.2021.102059"
}

@article{cucchiella2018profitability,
	title="A profitability analysis of small-scale plants for biomethane injection into the gas grid",
	author="Cucchiella, Federica and D'Adamo, Idiano and Gastaldi, Massimo and Miliacca, Michela",
	journal="Journal of Cleaner Production",
	volume="184",
	pages="179--187",
	year="2018",
	publisher="Elsevier",
	doi="https://doi.org/10.1016/j.jclepro.2018.02.243"
}

@article{paturska2015economic,
	title="Economic assessment of biomethane supply system based on natural gas infrastructure",
	author="Paturska, Anna and Repele, Mara and Bazbauers, Gatis",
	journal="Energy Procedia",
	volume="72",
	pages="71--78",
	year="2015",
	publisher="Elsevier",
	doi="https://doi.org/10.1016/j.egypro.2015.06.011"
}

@article{khatiwada2022decarbonization,
	title="Decarbonization of natural gas systems in the EU--costs, barriers, and constraints of hydrogen production with a case study in Portugal",
	author="Khatiwada, Dilip and Vasudevan, Rohan Adithya and Santos, Bruno Henrique",
	journal="Renewable and Sustainable Energy Reviews",
	volume="168",
	pages="112775",
	year="2022",
	publisher="Elsevier",
	doi="https://doi.org/10.1016/j.rser.2022.112775"
}

@article{schlund2021analysing,
	title="Analysing the impact of a renewable hydrogen quota on the European electricity and natural gas markets",
	author="Schlund, David and Sch{\"o}nfisch, Max",
	journal="Applied Energy",
	volume="304",
	pages="117666",
	year="2021",
	publisher="Elsevier",
	doi="https://doi.org/10.1016/j.apenergy.2021.117666"
}

@article{sulewski2023development,
	title="Development of the Biomethane Market in Europe",
	author="Sulewski, Piotr and Ignaciuk, Wiktor and Szyma{\'n}ska, Magdalena and W{\k{a}}s, Adam",
	journal="Energies",
	volume="16",
	number="4",
	pages="2001",
	year="2023",
	publisher="MDPI",
	doi="https://doi.org/10.3390/en16042001"
}

@article{o1997development,
	title="The development and validation of a dynamic fracture propagation model for gas transmission pipelines",
	author="O'donoghue, PE and Kanninen, MF and Leung, CP and Demofonti, G and Venzi, S",
	journal="International Journal of Pressure Vessels and Piping",
	volume="70",
	number="1",
	pages="11--25",
	year="1997",
	publisher="Elsevier",
	doi="https://doi.org/10.1016/S0308-0161(96)00012-9"
}

@article{liu2011coordinated,
	title="Coordinated scheduling of electricity and natural gas infrastructures with a transient model for natural gas flow",
	author="Liu, Cong and Shahidehpour, Mohammad and Wang, Jianhui",
	journal="Chaos: An Interdisciplinary Journal of Nonlinear Science",
	volume="21",
	number="2",
	pages="025102",
	year="2011",
	publisher="American Institute of Physics",
	doi="https://doi.org/10.1063/1.3600761"
}

@article{liu2009security,
	title="Security-constrained unit commitment with natural gas transmission constraints",
	author="Liu, Cong and Shahidehpour, Mohammad and Fu, Yong and Li, Zuyi",
	journal="IEEE Transactions on Power Systems",
	volume="24",
	number="3",
	pages="1523--1536",
	year="2009",
	publisher="IEEE",
	doi="https://doi.org/10.1109/TPWRS.2009.2023262"
}

@article{chiang2016large,
	title="Large-scale optimal control of interconnected natural gas and electrical transmission systems",
	author="Chiang, Nai-Yuan and Zavala, Victor M",
	journal="Applied Energy",
	volume="168",
	pages="226--235",
	year="2016",
	publisher="Elsevier",
	doi="https://doi.org/10.1016/j.apenergy.2016.01.017"
}

@article{herran2009modeling,
	title="Modeling and simulation of a gas distribution pipeline network",
	author="Herr{\'a}n-Gonz{\'a}lez, Alberto and De La Cruz, Jesus M and De Andr{\'e}s-Toro, Bonifacio and Risco-Mart{\'\i}n, Jos{\'e} Luis",
	journal="Applied Mathematical Modelling",
	volume="33",
	number="3",
	pages="1584--1600",
	year="2009",
	publisher="Elsevier",
	doi="https://doi.org/10.1016/j.apm.2008.02.012"
}

@article{pambour2016integrated,
	title="An integrated transient model for simulating the operation of natural gas transport systems",
	author="Pambour, Kwabena Addo and Bolado-Lavin, Ricardo and Dijkema, Gerard PJ",
	journal="Journal of Natural Gas Science and Engineering",
	volume="28",
	pages="672--690",
	year="2016",
	publisher="Elsevier",
	doi="https://doi.org/10.1016/j.jngse.2015.11.036"
}

@article{barati2014multi,
	title="Multi-period integrated framework of generation, transmission, and natural gas grid expansion planning for large-scale systems",
	author="Barati, Fatemeh and Seifi, Hossein and Sepasian, Mohammad Sadegh and Nateghi, Abolfazl and Shafie-khah, Miadreza and Catal{\~a}o, Jo{\~a}o PS",
	journal="IEEE Transactions on Power Systems",
	volume="30",
	number="5",
	pages="2527--2537",
	year="2014",
	publisher="IEEE",
	doi="https://doi.org/10.1109/TPWRS.2014.2365705"
}

@article{keogh2022gas,
	title="The gas grid as a vector for regional decarbonisation-a techno economic case study for biomethane injection and natural gas heavy goods vehicles",
	author="Keogh, Niamh and Corr, D and O'Shea, R and Monaghan, RFD",
	journal="Applied Energy",
	volume="323",
	pages="119590",
	year="2022",
	publisher="Elsevier",
	doi="https://doi.org/10.1016/j.apenergy.2022.119590"
}

@article{schmidt2017gaslib,
	title="GasLib—A library of gas network instances",
	author="Schmidt, Martin and A{\ss}mann, Denis and Burlacu, Robert and Humpola, Jesco and Joormann, Imke and Kanelakis, Nikolaos and Koch, Thorsten and Oucherif, Djamal and Pfetsch, Marc E and Schewe, Lars and others",
	journal="Data",
	volume="2",
	number="4",
	pages="40",
	year="2017",
	publisher="MDPI",
	doi="https://doi.org/10.3390/data2040040"
}

@article{pfetsch2015validation,
	title="Validation of nominations in gas network optimization: models, methods, and solutions",
	author="Pfetsch, Marc E and F{\"u}genschuh, Armin and Gei{\ss}ler, Bj{\"o}rn and Gei{\ss}ler, Nina and Gollmer, Ralf and Hiller, Benjamin and Humpola, Jesco and Koch, Thorsten and Lehmann, Thomas and Martin, Alexander and others",
	journal="Optimization Methods and Software",
	volume="30",
	number="1",
	pages="15--53",
	year="2015",
	publisher="Taylor \& Francis",
	doi="https://doi.org/10.1080/10556788.2014.888426"
}

@article{rios2015optimization,
	title="Optimization problems in natural gas transportation systems: A state-of-the-art review",
	author="R{\'\i}os-Mercado, Roger Z and Borraz-S{\'a}nchez, Conrado",
	journal="Applied Energy",
	volume="147",
	pages="536--555",
	year="2015",
	publisher="Elsevier",
	doi="https://doi.org/10.1016/j.apenergy.2015.03.017"
}

@inproceedings{pluta2022scigrid_gas,
	title="SciGRID\_gas-Data Model of the European Gas Transport Network",
	author="Pluta, Adam and Medjroubi, Wided and Diettrich, Jan C and Dasenbrock, Jan and Tetens, Hendrik-Pieter and Sandoval, Javier E and L{\"u}nsdorf, Ontje",
	booktitle="2022 Open Source Modelling and Simulation of Energy Systems (OSMSES)",
	pages="1--7",
	year="2022",
	organization="IEEE",
	doi="https://doi.org/10.1109/OSMSES54027.2022.9769122"
}

@article{zwickl2022demystifying,
	title="Demystifying natural gas distribution grid decommissioning: An open-source approach to local deep decarbonization of urban neighborhoods",
	author="Zwickl-Bernhard, Sebastian and Auer, Hans",
	journal="Energy",
	volume="238",
	pages="121805",
	year="2022",
	publisher="Elsevier",
	doi="https://doi.org/10.1016/j.energy.2021.121805"
}

@article{hulk2018transparency,
	title="Transparency, reproducibility, and quality of energy system analyses--A process to improve scientific work",
	author="H{\"u}lk, Ludwig and M{\"u}ller, Berit and Glauer, Martin and F{\"o}rster, Elisa and Schachler, Birgit",
	journal="Energy strategy reviews",
	volume="22",
	pages="264--269",
	year="2018",
	publisher="Elsevier",
	doi="https://doi.org/10.1016/j.esr.2018.08.014"
}


@article{de2000gas,
	title="The gas transmission problem solved by an extension of the simplex algorithm",
	author="De Wolf, Daniel and Smeers, Yves",
	journal="Management Science",
	volume="46",
	number="11",
	pages="1454--1465",
	year="2000",
	publisher="INFORMS",
	doi="https://doi.org/10.1287/mnsc.46.11.1454.12087"
}

@article{zwickl2023design,
	title="Designing a model for the cost-optimal decommissioning and refurbishment investment decision for gas networks: Application on a real test bed in Austria until 2050",
	author="Zwickl-Bernhard, Sebastian and Golab, Antonia and Perger, Theresia and Auer, Hans",
	journal="Energy Strategy Reviews",
	volume="49",
	pages="101138",
	year="2023",
	publisher="Elsevier",
	doi="https://doi.org/10.1016/j.esr.2023.101138"
}

@misc{umweltbundesamt,
	title="{Energie- und Treibhausgas-Szenarien im Hinblick auf 2030 und 2050}",
	author="{Umweltbundesamt}",
	year="2017",
	howpublished = "online available under: \url{https://www.umweltbundesamt.at/fileadmin/site/publikationen/REP0628.pdf}",
	note="(the update in 2023, mentioned in the main text, was not yet publicly available at the time the study was prepared)"
}

@misc{Energieagentur,
	title="{Erneuerbares Gas in Österreich 2040}",
	author="{Österreichische Energieagentur – Austrian Energy Agency}",
	year="2021",
	howpublished = "online available under: \url{https://www.bmk.gv.at/dam/jcr:2486be49-85cd-41d6-b2af-a6538757e5cd/Erneuerbares-Gas-2040.pdf}"
}

@misc{entsog,
	title="{ENTSOG Transparency}",
	author="{European Network of Transmission System Operators for Gas (ENTSOG)}",
	year="2023",
	howpublished = "access online on 24 July 2023 at: \url{https://transparency.entsog.eu/#/map}"
}

@misc{econtrol_grid1,
	title="{The gas grid}",
	author="{E-Control}",
	year="2023",
	howpublished = "access online on 24 July 2023 at: \url{https://www.e-control.at/en/industrie/gas/gasnetz}"
}

@article{peterson2018future,
	title="The future of the electric grid and its regulation: Some considerations",
	author="Peterson, Carl R and Ros, Agustin J",
	journal="The Electricity Journal",
	volume="31",
	number="2",
	pages="18--25",
	year="2018",
	publisher="Elsevier",
	doi="https://doi.org/10.1016/j.tej.2018.02.001"
}

@article{fulli2019change,
	title="A change is coming: How regulation and innovation are reshaping the European Union's electricity markets",
	author="Fulli, Gianluca and Masera, Marcelo and Spisto, Amanda and Vitiello, Silvia",
	journal="IEEE Power and Energy Magazine",
	volume="17",
	number="1",
	pages="53--66",
	year="2019",
	publisher="IEEE",
	doi="https://doi.org/10.1109/MPE.2018.2872303"
}

@article{morell2020revisiting,
	title="Revisiting electricity network tariffs in a context of decarbonization, digitalization, and decentralization",
	author="Morell Dameto, Nicol{\'a}s and Chaves-{\'A}vila, Jos{\'e} Pablo and G{\'o}mez San Rom{\'a}n, Tom{\'a}s",
	journal="Energies",
	volume="13",
	number="12",
	pages="3111",
	year="2020",
	publisher="MDPI",
	doi="https://doi.org/10.3390/en13123111"
}

@misc{propsal_gas_market,
	title="{Proposal for a regulation of the European Parliament and of the Council on the internal markets for renewable and natural gases and for hydrogen}",
	author="{European Commission}",
	year="2021",
	howpublished = "access online on 27 July 2023 at: \url{https://eur-lex.europa.eu/legal-content/EN/TXT/HTML/?uri=CELEX:52021PC0804}"
}

@misc{french,
	title="{Avenir des infrastructures gazières aux	horizons 2030 et 2050, dans un contexte d’atteinte de la neutralité carbone}",
	author="{Commission de régulation de l'énergie}",
	year="2021",
	howpublished = "access online on 27 July 2023 at: \url{https://www.cre.fr/content/download/27073/file/Rapport%20avenir%20des%20infras%20gazi%C3%A8res.pdf}"
}

@article{erdener2023review,
	title="A review of technical and regulatory limits for hydrogen blending in natural gas pipelines",
	author="Erdener, Burcin Cakir and Sergi, Brian and Guerra, Omar J and Chueca, Aurelio Lazaro and Pambour, Kwabena and Brancucci, Carlo and Hodge, Bri-Mathias",
	journal="International Journal of Hydrogen Energy",
	volume="48",
	number="14",
	pages="5595--56172,
	year="2023",
	publisher="Elsevier",
	doi="https://doi.org/10.1016/j.ijhydene.2022.10.254"
}

@article{padi2023techno,
	title="Techno-economic potentials of integrating decentralised biomethane production systems into existing natural gas grids",
	author="Padi, Richard Kingsley and Douglas, Sean and Murphy, Fionnuala",
	journal="Energy",
	pages="128542",
	year="2023",
	publisher="Elsevier",
	doi="https://doi.org/10.1016/j.energy.2023.128542"
}

@inproceedings{rajnauth2008gas,
	title="Gas transportation: present and future",
	author="Rajnauth, J and Ayeni, K and Barrufet, M",
	booktitle="SPE Unconventional Resources Conference/Gas Technology Symposium",
	pages="SPE--114935",
	year="2008",
	organization="SPE",
	doi="https://doi.org/10.2118/114935-MS"
}

@article{bilgin2009geopolitics,
	title="Geopolitics of European natural gas demand: Supplies from Russia, Caspian and the Middle East",
	author="Bilgin, Mert",
	journal="Energy Policy",
	volume="37",
	number="11",
	pages="4482--4492",
	year="2009",
	publisher="Elsevier",
	doi="https://doi.org/10.1016/j.enpol.2009.05.070"
}

@article{ridjan2016terminology,
	title="Terminology used for renewable liquid and gaseous fuels based on the conversion of electricity: a review",
	author="Ridjan, Iva and Mathiesen, Brian Vad and Connolly, David",
	journal="Journal of Cleaner Production",
	volume="112",
	pages="3709--3720",
	year="2016",
	publisher="Elsevier",
	doi="https://doi.org/10.1016/j.jclepro.2015.05.117"
}

@article{legendre2023state,
	title="State-of-the-art and challenges in the analysis of renewable gases",
	author="Legendre, Agathe and Jores, Cl{\'e}ment De Saint and Dugay, Jos{\'e} and Cuccia, Lorena and Ballestas Castro, Dairo and Thiebaut, Didier and Vial, J{\'e}r{\^o}me",
	journal="Journal of Separation Science",
	pages="2300330",
	year="2023",
	publisher="Wiley Online Library",
	doi="https://doi.org/10.1002/jssc.202300330"
}

@article{balat2009global,
	title="Global trends on production and utilization of natural gas",
	author="Balat, M",
	journal="Energy Sources, Part B",
	volume="4",
	number="4",
	pages="333--346",
	year="2009",
	publisher="Taylor \& Francis",
	doi="https://doi.org/10.1080/15567240701621125"
}

@article{geng2014dynamic,
	title="A dynamic analysis on global natural gas trade network",
	author="Geng, Jiang-Bo and Ji, Qiang and Fan, Ying",
	journal="Applied Energy",
	volume="132",
	pages="23--33",
	year="2014",
	publisher="Elsevier",
	doi="https://doi.org/10.1016/j.apenergy.2014.06.064"
}

@article{egging2006examining,
	title="Examining market power in the European natural gas market",
	author="Egging, Rudolf G and Gabriel, Steven A",
	journal="Energy Policy",
	volume="34",
	number="17",
	pages="2762--2778",
	year="2006",
	publisher="Elsevier",
	doi="https://doi.org/10.1016/j.enpol.2005.04.018"
}

@article{hulshof2016market,
	title="Market fundamentals, competition and natural-gas prices",
	author="Hulshof, Daan and Van Der Maat, Jan-Pieter and Mulder, Machiel",
	journal="Energy Policy",
	volume="94",
	pages="480--491",
	year="2016",
	publisher="Elsevier",
	doi="https://doi.org/10.1016/j.enpol.2015.12.016"
}

@article{esmaeili2022system,
	title="A system dynamics approach to study the long-term interaction of the natural gas market and electricity market comprising high penetration of renewable energy resources",
	author="Esmaeili, Mohammad and Shafie-khah, Miadreza and Catalao, Joao PS",
	journal="International Journal of Electrical Power \& Energy Systems",
	volume="139",
	pages="108021",
	year="2022",
	publisher="Elsevier",
	doi="https://doi.org/10.1016/j.ijepes.2022.108021"
}

@article{horschig2018decarbonize,
	title="How to decarbonize the natural gas sector: A dynamic simulation approach for the market development estimation of renewable gas in Germany",
	author="Horschig, Thomas and Adams, PWR and Gawel, Erik and Thr{\"a}n, Daniela",
	journal="Applied Energy",
	volume="213",
	pages="555--572",
	year="2018",
	publisher="Elsevier",
	doi="https://doi.org/10.1016/j.apenergy.2017.11.016"
}

@misc{frontier2023,
	title="{Rolle der Gasinfrastruktur in einem klimaneutralen Österreich: Endbericht – Studie im Auftrag des Bundesministeriums für Klimaschutz, Umwelt, Energie, Mobilität, Innovation und Technologie}",
	year="2023",
	howpublished = "access online on 04 September 2023 at: \url{https://www.bmk.gv.at/themen/energie/publikationen/rolle-gasinfrastruktur.html}"
}










































